@book{hansen2004,
    author      = "Carl J. Hansen and Steven D. Kawaler and Virginia Trimble",
    title       = "Stellar interiors: physical principles, structure, and evolution",
    publisher   = "Springer-Verlag",
    address     = "New York",
    edition     = "2nd",
    year        = "2004",
}

@book{leblanc2010,
    author      = "Francis LeBlanc",
    title       = "An introduction to stellar astrophysics",
    publisher   = "John Wiley \& Sons Ltd",
    address     = "The Atrium, Southerngate, Chichester, West Sussex, PO19 8SQ, United Kingdom",
    edition     = "1st",
    year        = "2010",
}

@book{jardetsky1958,
    author      = "Wenceslas S. Jardetzky",
    title       = "Theories of figures of celestial bodies",
    publisher   = "Dover Publications, Inc.",
    address     = "31 East 2nd Street, Mineola, NY 11501",
    edition     = "1st",
    year        = "2005",
    note        = "This Dover edition, first published in 2005, is an unabridged republication of the work originally published in 1958 by Interscience Publishers, Inc., New York.",
}

@book{chandra1939,
    author      = "Subramanyan Chandrasekhar",
    title       = "An Introduction to the Study of Stellar Structure",
    publisher   = "University of Chicago Press.",
    address     = "Chicago, IL",
    year        = "1939",
}

@article{horedt1987,
    author      = "Georg P. Horedt",
    title       = "Topology of the Lane-Emden Equation",
    journal     = "Astronomy and Astrophysics",
    volume      = "177",
    number      = "1--2",
    pages       = "117--130",
    year        = "1987",
    month       = "May",
}

@book{horedt2004,
    author      = "Georg P. Horedt",
    title       = "Polytropes - Applications in Astrophysics and Related Fields",
    publisher   = "Kluwer Academic Publishers",
    address     = "P.O. Box 17, 3300 AA Dordrecht, the Netherlands",
    year        = "2004",
}

@misc{website:wolfram,
    author      = "Eric W. Weisstein",
    title       = "Lane-Emden Differential Equation",
    url         = "http://mathworld.wolfram.com/Lane-EmdenDifferentialEquation.html",
}

@article{lane1870,
    author      = "Jonathan Homer Lane",
    title       = "On the Theoretical Temperature of the Sun under the Hypothesis of a Gaseous Mass Maintaining its Volume by its Internal Heat and Depending on the Laws of Gases Known to Terrestrial Experiment",
    journal     = "The American Journal of Science and Arts",
    volume      = "50",
    pages       = "57--74",
    year        = "1870",
}

@book{griffiths2013,
    author      = "David J. Griffiths",
    title       = "Introduction to Electrodynamics",
    publisher   = "Pearson Education Inc.",
    address     = "Upper Saddle River, NJ 07458, USA",
    edition     = "4th",
    year        = "2013",
}
